<?xml version="1.0" encoding="UTF-8"?><record xmlns="http://www.loc.gov/MARC21/slim" xmlns:cinclude="http://apache.org/cocoon/include/1.0" xmlns:zs="http://www.loc.gov/zing/srw/">
  <leader>00915cz  a2200145n  4500</leader>
  <controlfield tag="001">n  87124943 </controlfield>
  <controlfield tag="003">DLC</controlfield>
  <controlfield tag="005">20120810083309.0</controlfield>
  <controlfield tag="008">870903n| acannaab           |a and      </controlfield>
  <datafield tag="010" ind1=" " ind2=" ">
    <subfield code="a">n  87124943 </subfield>
  </datafield>
  <datafield tag="040" ind1=" " ind2=" ">
    <subfield code="a">DLC</subfield>
    <subfield code="b">eng</subfield>
    <subfield code="c">DLC</subfield>
    <subfield code="d">DLC</subfield>
  </datafield>
  <datafield tag="111" ind1="2" ind2=" ">
    <subfield code="a">All India Seminar on Conservation of Energy and Resources in Environmental Engineering Systems</subfield>
    <subfield code="d">(1982 :</subfield>
    <subfield code="c">NaĚgpur, India)</subfield>
  </datafield>
  <datafield tag="411" ind1="2" ind2=" ">
    <subfield code="a">Seminar on Conservation of Energy and Resources in Environmental Engineering Systems, All India</subfield>
  </datafield>
  <datafield tag="667" ind1=" " ind2=" ">
    <subfield code="a">THIS 1XX FIELD CANNOT BE USED UNDER RDA UNTIL THIS RECORD HAS BEEN REVIEWED AND/OR UPDATED</subfield>
  </datafield>
  <datafield tag="670" ind1=" " ind2=" ">
    <subfield code="a">nuc87-88941: Its All India Seminar on Conservation ... 1982?</subfield>
    <subfield code="b">(hdg. on WU rept.: All India Seminar on Conservation of Energy and Resources in Environmental Engineering Systems (1982 : NaĚgpur, India); usage: All India Seminar on Conservation of Energy and Resources in Environmental Engineering Systems, 10th &amp; 11th April 1982)</subfield>
  </datafield>
</record>